
@article{ma,
	author = {Z. Ma and A. Krings},
	title = {Dynamic hybrid fault models and the applications to wireless sensor networks (WSNs)},
	year = {2008},
	journal = {Proceedings of the 11th international symposium on Modeling, analysis and simulation of wireless and mobile systems},
	pages = {100-108}
}

@article{moniz,
	author = {H. Moniz and N. Neves and M. Correia},
	title = {Byzantine Fault-Tolerant Consensus
	in Wireless Ad Hoc Networks},
	journal = {IEEE Transactions on Mobile Computing},
	month = {12},
	year = {2013},
	volume = {12, no. 12},
	pages = {2441 - 2454}
}

@article{adhoc,
	author = {K.-Q. Yan and S.-C. Wang},
	title = {Visiting {B}yzantine {A}greement {U}nderlying {A}d {H}oc {E}nvironment},
	journal = {Journal of Computer and Systems Sciences International},
	year = {2007},
	volume = {46},
	pages = {127--136}
}

@article{adapt,
	author = "Ren, Y. and Cukier, M. and Sanders, W",
	Title = {An {A}daptive {A}lgorithm for {T}olerating {V}alue {F}aults and {C}rash {F}ailures},
	journal = {IEEE Transactions on Parallel and Distributed Systems},
	year = {2001},
	volume = {12},
	pages = {173--192}
}